%%
%% Author: 霏霏
%% 2018/9/18
%%

