@article{saito2000,
     author = {Suguru Saito and Masayuki Nakajima},
     title = {3D Physics-based Brush Model for Interractive Painting},
     journal = {IPSJ},
     volume = {41},
     number = {3},
     pages = {608--615},
     year = {2000}
} 

@InProceedings{saito1999a,
  author    = {Suguru Saito and Masayuki Nakajima},
  title     = {3D physics-based brush model for painting},
  booktitle = {ACM SIGGRAPH 1999 Conference Abstracts and Applications},
  year      = {1999},  
  pages     = {226},
  publisher = {ACM Press},
  organization = "ACM"
}

@article{saito1996,
  author    = {齋藤豪 and 中嶋正之},
  title     = {計算機による手描き風画像の自動生成に関する研究},
  journal = {テレビジョン学会},
  volume = {50},
  number = {10},
  pages = {1528--1535},
  year      = {1996}
}
